@techreport{c99,
    author = {{ISO}},
    institution = {ISO/IEC},
    keywords = {c-language, foundation},
    number = {WG14 N1124},
    title = {{The ANSI C standard (C99)}},
    url = {http://www.open-std.org/JTC1/SC22/WG14/www/docs/n1124.pdf},
    year = {1999}
}

@techreport{c11,
    author = {{ISO}},
    institution = {ISO/IEC},
    keywords = {c-language, foundation},
    number = {WG14 N1570},
    title = {{The ANSI C standard (C11)}},
    url = {http://www.open-std.org/jtc1/sc22/wg14/www/docs/n1570.pdf},
    year = {2011}
}

@misc{opencl-1.2,
  author = {{Khronos Group}},
  year = 2011,
  title = "OpenCL 1.2 Specification",
  howpublished = "\url{http://www.khronos.org/registry/cl/sdk/1.2/docs/man/xhtml/}"
}

@article{wirth1996EBNF,
  title={{Extended Backus-Naur Form Syntaxt Specification}},
  author={Wirth, Niklaus},
  journal={ISO/IEC 14977},
  year={1996}
}

@ARTICLE{stoneopencl,
  author = {Stone, John E. and Gohara, David and Shi, Guochun},
  title = {{OpenCL:} A Parallel Programming Standard for Heterogeneous Computing
	Systems},
  journal = {{IEEE} Des. Test},
  year = {2010},
  volume = {12},
  pages = {66--73},
  number = {3},
  abstract = {The {OpenCL} standard offers a common {API} for program execution
	on systems composed of different types of computational devices such
	as multicore {CPUs}, {GPUs}, or other accelerators.},
  shorttitle = {{OpenCL}}
}

@misc{cudaref,
  title={NVIDIA {CUDA} Programming guide 4.0},
  author={NVIDIA},
  year={2011}
}

@misc{ openmp08,
    author = {{OpenMP Architecture Review Board}},
    title = {{OpenMP} Application Program Interface Version 3.0},
    month = may,
    year = {2008}
}

@misc{openacc11,
    author = {{CAPS Enterprise, Cray Inc., NVIDIA, and the Portland Group}},
    title = {The {OpenACC} Application Programming Interface, v1.0},
    month = nov,
    year = {2011}
}

@techreport{cray,
  title={Cray Standard C/C++ Reference Manual},
  author={{Cray Inc.}},
  number = {{S–2179–81}},
  year = {2012}
}

@book{gccguide,
  title={The definitive guide to GCC},
  author={Von Hagen, William},
  volume={2},
  year={2006},
  publisher={Springer}
}
